@misc{Community2014,
  title={{The Idris Tutorial}},
  author={{The Idris Community}},
  year={2014},
  url={http://eb.host.cs.st-andrews.ac.uk/writings/idris-tutorial.pdf}
}

@misc{Siek2012ccp,
  title = {{Crash Course on Notation in Programming Language Theory}},
  author={Jeremy Siek},
  year={2012},
  url={http://siek.blogspot.co.uk/2012/07/crash-course-on-notation-in-programming.html}
}
